%% report.bib - contains BiBtex input for bibliography

@ARTICLE{GW170817_GW,
       author = {{Abbott}, B.~P. and {Abbott}, R. and {Abbott}, T.~D. and {Acernese}, F. and
         {Ackley}, K. and {Adams}, C., et al.},
        title = "{Gravitational Waves and Gamma-Rays from a Binary Neutron Star Merger: GW170817 and GRB 170817A}",
      journal = {Astrophysical Journal, Letters},
     keywords = {binaries: close, gamma-ray burst: general, gravitational waves, Astrophysics - High Energy Astrophysical Phenomena, General Relativity and Quantum Cosmology},
         year = 2017,
        month = oct,
       volume = {848},
       number = {2},
          eid = {L13},
        pages = {L13},
          doi = {10.3847/2041-8213/aa920c},
archivePrefix = {arXiv},
       eprint = {1710.05834},
 primaryClass = {astro-ph.HE},
       adsurl = {https://ui.adsabs.harvard.edu/abs/2017ApJ...848L..13A},
      adsnote = {Provided by the SAO/NASA Astrophysics Data System}
}

@ARTICLE{Troja17,
       author = {{Troja}, E. and {Piro}, L. and {van Eerten}, H. and {Wollaeger}, R.~T. and
         {Im}, M. and {Fox}, O.~D. and {Butler}, N.~R. and {Cenko}, S.~B. and
         {Sakamoto}, T. and {Fryer}, C.~L. and {Ricci}, R. and {Lien}, A. and
         {Ryan}, R.~E. and {Korobkin}, O. and {Lee}, S. -K. and
         {Burgess}, J.~M. and {Lee}, W.~H. and {Watson}, A.~M. and {Choi}, C. and
         {Covino}, S. and {D'Avanzo}, P. and {Fontes}, C.~J. and
         {Gonz{\'a}lez}, J. Becerra and {Khandrika}, H.~G. and {Kim}, J. and
         {Kim}, S. -L. and {Lee}, C. -U. and {Lee}, H.~M. and {Kutyrev}, A. and
         {Lim}, G. and {S{\'a}nchez-Ram{\'\i}rez}, R. and {Veilleux}, S. and
         {Wieringa}, M.~H. and {Yoon}, Y.},
        title = "{The X-ray counterpart to the gravitational-wave event GW170817}",
      journal = {Nature},
     keywords = {Astrophysics - High Energy Astrophysical Phenomena},
         year = 2017,
        month = nov,
       volume = {551},
       number = {7678},
        pages = {71-74},
          doi = {10.1038/nature24290},
archivePrefix = {arXiv},
       eprint = {1710.05433},
 primaryClass = {astro-ph.HE},
       adsurl = {https://ui.adsabs.harvard.edu/abs/2017Natur.551...71T},
      adsnote = {Provided by the SAO/NASA Astrophysics Data System}
}


@BOOK{Schilling02,
       author = {{Schilling}, Govert},
        title = "{Flash! The Hunt for the Biggest Explosions in the Universe}",
         year = 2002,
       adsurl = {https://ui.adsabs.harvard.edu/abs/2002fhbe.book.....S},
      adsnote = {Provided by the SAO/NASA Astrophysics Data System}
}


@book{Alred03, 
	author = "G. J. Alred and C. T. Brusaw and W. E. Oliu", 
	title  = "Handbook of Technical Writing", 
	publisher= "St. Martin's", 
	address= "New York", 
	year   = "2015 (eleventh edition)"	}
	
@book{Goossens97, 
	author = "Michel Goossens and Frank Mittelbach and Sebastian Rahtz", 
	title  = "The LaTeX Companion", 
	publisher= "Addison-Wesley", 
	address= "Reading, Mass.", 
	year   = "1997"	} 

@book{Mittelbach04, 
	author = "Frank Mittelbach and Michel Goossens and Johannes Braams and David Carlisle", 
	title  = "The LaTeX Companion", 
	publisher= "Addison-Wesley", 
	address= "Reading, Mass.",
	edition= "second", 
	year   = "2004"	} 

@incollection{Evangelista20, 
		author = "evangelista, Y. et al.", 
		title  = "The scientific payload on-board the HERMES-TP and HERMES-SP CubeSat missions", 
		booktitle= "", 
		editor = "",
		series = "Society of Photo-Optical Instrumentation Engineers (SPIE) Conference Series",  
		pages  = "", 
		publisher= "",
		address= "", 
		year   = "2020"	}


@incollection{Fuschino20, 
	author = "Fuschino, F. et al.", 
	title  = "An innovative architecture for a wide band transient monitor on board the HERMES nano-satellite constellation", 
	booktitle= "", 
	editor = "",
	series = "Society of Photo-Optical Instrumentation Engineers (SPIE) Conference Series",  
	pages  = "", 
	publisher= "",
	address= "", 
	year   = "2020"	} 
	
	
@incollection{Fiore20, 
		author = "Fiore, F. et al.", 
		title  = "The HERMES-Technologic and Scientific Pathfinder", 
		booktitle= "", 
		editor = "",
		series = "Society of Photo-Optical Instrumentation Engineers (SPIE) Conference Series",  
		pages  = "", 
		publisher= "",
		address= "", 
		year   = "2020"	}
 
@inproceedings{Hanson93c, 
	author = "K. M. Hanson", 
	title  = "Introduction to {B}ayesian image analysis", 
	booktitle= "Medical Imaging:\ Image Processing",
	editor = "M.\ H. Loew",
	series = "Proc. SPIE", 
	volume = "1898",
	pages  = "716-731", 
	year   = "1993"	} 

@book{Lamport94, 
	author = "L. Lamport", 
	title  = "LaTeX: A Document Preparation System", 
	publisher= "Addison-Wesley", 
	address= "Reading, Mass.", 
	year   = "1994"	}

@article{Metropolis53, 
	author = "N. Metropolis and A. W. Rosenbluth and M. N. Rosenbluth and A. H. Teller and E. Teller", 
	title  = "Equations of state calculations by fast computing machine", 
	journal= "J. Chem. Phys.",  
	volume = "21", 
	pages  = "1087-1091", 
	year   = "1953"	} 

@book{Perelman97, 
	author = "L. C. Perelman and J. Paradis and E. Barrett", 
	title  = "Mayfield Handbook of Technical and Scientific Writing", 
	publisher= "Mountain View", 
	address= "Mayfield",
	month  = "April", 
	year   = "1997",
	note = "http://mit.imoat.net/handbook/"	}
    
@misc{Lees-Miller-LaTeX-course-1,
    author = {John D Lees-Miller},
    title = {{Free and Interactive Online Introduction to LaTeX}},
    howpublished = "Overleaf, 26 February 2015  \url{https://www.overleaf.com/latex/learn/free-online-introduction-to-latex-part-1}", 
    note = "(Accessed: 15 September 2015)" }